<?xml version = "1.0" encoding = "UTF-8"?><OAI-PMH xmlns="http://www.openarchives.org/OAI/2.0/" xmlns:xsi="http://www.w3.org/2001/XMLSchema-instance" xsi:schemaLocation="http://www.openarchives.org/OAI/2.0/ http://www.openarchives.org/OAI/2.0/OAI-PMH.xsd"><ListRecords><record><header><identifier>aleph-publish:021023777</identifier></header><metadata><record xmlns="http://www.ddb.de/professionell/mabxml/mabxml-1.xsd"><leader>00608nM2.01200024------h</leader><controlfield tag="LDR">00608nM2.01200024------h</controlfield><controlfield tag="FMT">MH</controlfield><datafield tag="001" ind1="-" ind2="1"><subfield code="a">HT018853619</subfield></datafield><datafield tag="002" ind1="a" ind2="1"><subfield code="a">20160111</subfield></datafield><datafield tag="003" ind1="-" ind2="1"><subfield code="a">20210409120229.0</subfield></datafield><datafield tag="026" ind1="-" ind2="1"><subfield code="a">HBZHT018853619</subfield></datafield><controlfield tag="030">a|1ur||||||17</controlfield><datafield tag="036" ind1="a" ind2="1"><subfield code="a">AT</subfield></datafield><datafield tag="037" ind1="b" ind2="1"><subfield code="a">zxx</subfield><subfield code="a">ger</subfield></datafield><controlfield tag="050">a|||||||||||||</controlfield><controlfield tag="051">mm||||||</controlfield><datafield tag="060" ind1="-" ind2="1"><subfield code="b">ntm</subfield><subfield code="a">Noten</subfield></datafield><datafield tag="060" ind1="-" ind2="1"><subfield code="b">txt</subfield><subfield code="a">Text</subfield></datafield><datafield tag="061" ind1="-" ind2="1"><subfield code="b">n</subfield><subfield code="a">ohne Hilfsmittel zu benutzen</subfield></datafield><datafield tag="062" ind1="-" ind2="1"><subfield code="b">nc</subfield><subfield code="a">Band</subfield></datafield><datafield tag="064" ind1="c" ind2="1"><subfield code="a">Partitur</subfield><subfield code="9">(DE-588)4173447-6</subfield></datafield><datafield tag="070" ind1="-" ind2="1"><subfield code="a">1972</subfield></datafield><datafield tag="070" ind1="b" ind2="1"><subfield code="a">1156</subfield></datafield><datafield tag="080" ind1="-" ind2="1"><subfield code="a">60</subfield></datafield><datafield tag="100" ind1="-" ind2="1"><subfield code="p">Mahler, Gustav</subfield><subfield code="d">1860-1911</subfield><subfield code="4">cmp</subfield><subfield code="3">Komponist</subfield><subfield code="9">(DE-588)118576291</subfield></datafield><datafield tag="101" ind1="-" ind2="1"><subfield code="p">Mahler</subfield><subfield code="d">1860-1911</subfield></datafield><datafield tag="101" ind1="-" ind2="1"><subfield code="p">Mahler, Gustave</subfield><subfield code="d">1860-1911</subfield></datafield><datafield tag="101" ind1="-" ind2="1"><subfield code="p">Mahler, G.</subfield><subfield code="d">1860-1911</subfield></datafield><datafield tag="101" ind1="-" ind2="1"><subfield code="p">Maler, Gustav</subfield><subfield code="d">1860-1911</subfield></datafield><datafield tag="101" ind1="-" ind2="1"><subfield code="U">Cyrl</subfield><subfield code="p">Малер, Густав</subfield><subfield code="d">1860-1911</subfield></datafield><datafield tag="101" ind1="-" ind2="1"><subfield code="U">Jpan</subfield><subfield code="p">グスタフ・マーラー</subfield><subfield code="d">1860-1911</subfield></datafield><datafield tag="104" ind1="b" ind2="1"><subfield code="p">Rückert, Friedrich</subfield><subfield code="d">1788-1866</subfield><subfield code="4">lyr</subfield><subfield code="3">Textdichter</subfield><subfield code="9">(DE-588)118603817</subfield></datafield><datafield tag="105" ind1="-" ind2="1"><subfield code="p">Rückert, Johann Michael Friedrich</subfield><subfield code="d">1788-1866</subfield></datafield><datafield tag="105" ind1="-" ind2="1"><subfield code="p">Ruchert</subfield><subfield code="d">1788-1866</subfield></datafield><datafield tag="105" ind1="-" ind2="1"><subfield code="p">Rückert, F.</subfield><subfield code="d">1788-1866</subfield></datafield><datafield tag="105" ind1="-" ind2="1"><subfield code="p">Rückert, Fr.</subfield><subfield code="d">1788-1866</subfield></datafield><datafield tag="105" ind1="-" ind2="1"><subfield code="p">Rückert, Frdr.</subfield><subfield code="d">1788-1866</subfield></datafield><datafield tag="105" ind1="-" ind2="1"><subfield code="p">Rückert, Friedr.</subfield><subfield code="d">1788-1866</subfield></datafield><datafield tag="105" ind1="-" ind2="1"><subfield code="p">Rückert, Fridericvs</subfield><subfield code="d">1788-1866</subfield></datafield><datafield tag="105" ind1="-" ind2="1"><subfield code="p">Rückert, Fridericus</subfield><subfield code="d">1788-1866</subfield></datafield><datafield tag="105" ind1="-" ind2="1"><subfield code="p">Rückert, Friedrich Fr.</subfield><subfield code="d">1788-1866</subfield></datafield><datafield tag="105" ind1="-" ind2="1"><subfield code="p">Rückert, Johann M.</subfield><subfield code="d">1788-1866</subfield></datafield><datafield tag="105" ind1="-" ind2="1"><subfield code="p">Rückert, Johann Friedrich</subfield><subfield code="d">1788-1866</subfield></datafield><datafield tag="105" ind1="-" ind2="1"><subfield code="p">Rückert, J. Fr.</subfield><subfield code="d">1788-1866</subfield></datafield><datafield tag="105" ind1="-" ind2="1"><subfield code="p">Ruckert, Friedrich</subfield><subfield code="d">1788-1866</subfield></datafield><datafield tag="105" ind1="-" ind2="1"><subfield code="p">Rūkirt, Fridrīš</subfield><subfield code="d">1788-1866</subfield></datafield><datafield tag="105" ind1="-" ind2="1"><subfield code="p">Rükirt, Fridriš</subfield><subfield code="d">1788-1866</subfield></datafield><datafield tag="105" ind1="-" ind2="1"><subfield code="p">Rjukkert, F.</subfield><subfield code="d">1788-1866</subfield></datafield><datafield tag="105" ind1="-" ind2="1"><subfield code="p">Freimund, Raimar</subfield><subfield code="d">1788-1866</subfield></datafield><datafield tag="105" ind1="-" ind2="1"><subfield code="p">Rueckert, Friedrich</subfield><subfield code="d">1788-1866</subfield></datafield><datafield tag="105" ind1="-" ind2="1"><subfield code="p">Rückert</subfield><subfield code="d">1788-1866</subfield></datafield><datafield tag="105" ind1="-" ind2="1"><subfield code="p">Reinmar, Freimund</subfield><subfield code="d">1788-1866</subfield></datafield><datafield tag="105" ind1="-" ind2="1"><subfield code="p">F.-R.</subfield><subfield code="d">1788-1866</subfield></datafield><datafield tag="105" ind1="-" ind2="1"><subfield code="p">Reimar, Freimund</subfield><subfield code="d">1788-1866</subfield></datafield><datafield tag="105" ind1="-" ind2="1"><subfield code="p">Raimar, Freimund</subfield><subfield code="d">1788-1866</subfield></datafield><datafield tag="105" ind1="-" ind2="1"><subfield code="p">Reimer, Freimund</subfield><subfield code="d">1788-1866</subfield></datafield><datafield tag="108" ind1="b" ind2="1"><subfield code="p">Gottwald, Clytus</subfield><subfield code="d">1925-2023</subfield><subfield code="4">arr</subfield><subfield code="3">Arrangeur</subfield><subfield code="9">(DE-588)118917439</subfield></datafield><datafield tag="109" ind1="-" ind2="1"><subfield code="p">Gottwald, Cluytus</subfield><subfield code="d">1925-2023</subfield></datafield><datafield tag="109" ind1="-" ind2="1"><subfield code="p">Gottwald, C.</subfield><subfield code="d">1925-2023</subfield></datafield><datafield tag="303" ind1="-" ind2="1"><subfield code="p">Mahler, Gustav</subfield><subfield code="d">1860-1911</subfield><subfield code="t">Lieder aus letzter Zeit</subfield><subfield code="u">Rückert-Lieder</subfield><subfield code="u">Ich bin der Welt abhanden gekommen</subfield><subfield code="9">(DE-588)4777353-4</subfield><subfield code="o">arrangiert</subfield></datafield><datafield tag="331" ind1="-" ind2="1"><subfield code="a">Ich bin der Welt abhanden gekommen</subfield></datafield><datafield tag="335" ind1="-" ind2="1"><subfield code="a">für 16 Stimmen : (1983)</subfield></datafield><datafield tag="359" ind1="-" ind2="1"><subfield code="a">Gustav Mahler ; (Friedrich Rückert) ; bearbeitet von Clytus Gottwald</subfield></datafield><datafield tag="419" ind1="-" ind2="1"><subfield code="a">Vienna ; London ; New York</subfield><subfield code="b">Universal Edition</subfield><subfield code="c">[1984]</subfield></datafield><datafield tag="419" ind1="d" ind2="1"><subfield code="c">© 1984</subfield></datafield><datafield tag="425" ind1="a" ind2="1"><subfield code="a">1984</subfield></datafield><datafield tag="433" ind1="-" ind2="1"><subfield code="a">1 Partitur (12 Seiten)</subfield></datafield><datafield tag="501" ind1="-" ind2="1"><subfield code="a">Hier auch später erschienene, unveränderte Nachdrucke</subfield></datafield><datafield tag="540" ind1="a" ind2="1"><subfield code="a">978-3-7024-1022-3</subfield></datafield><datafield tag="541" ind1="b" ind2="1"><subfield code="a">979-0-008-02829-8</subfield></datafield><datafield tag="551" ind1="b" ind2="1"><subfield code="a">UE 18 105</subfield></datafield><controlfield tag="SYS">021023777</controlfield><datafield tag="088" ind1=" " ind2=" "><subfield code="a">1156</subfield><subfield code="c">B 121 / MahlG / Liede / 1905 &lt;Ichbi&gt; / j</subfield><subfield code="e">keine Angabe</subfield></datafield><datafield tag="088" ind1=" " ind2=" "><subfield code="a">1156</subfield><subfield code="c">B 121 / MahlG / Liede / 1905 &lt;Ichbi&gt; / s</subfield><subfield code="e">keine Angabe</subfield></datafield><datafield tag="088" ind1=" " ind2=" "><subfield code="a">1156</subfield><subfield code="c">B 121 / MahlG / Liede / 1905 &lt;Ichbi&gt; / ad</subfield><subfield code="e">keine Angabe</subfield></datafield><datafield tag="088" ind1=" " ind2=" "><subfield code="a">1156</subfield><subfield code="c">B 121 / MahlG / Liede / 1905 &lt;Ichbi&gt; / af</subfield><subfield code="e">keine Angabe</subfield></datafield><datafield tag="088" ind1=" " ind2=" "><subfield code="a">1156</subfield><subfield code="c">B 121 / MahlG / Liede / 1905 &lt;Ichbi&gt; / aa</subfield><subfield code="e">keine Angabe</subfield></datafield><datafield tag="088" ind1=" " ind2=" "><subfield code="a">1156</subfield><subfield code="c">B 121 / MahlG / Liede / 1905 &lt;Ichbi&gt; / ai</subfield><subfield code="e">keine Angabe</subfield></datafield><datafield tag="088" ind1=" " ind2=" "><subfield code="a">1156</subfield><subfield code="c">B 121 / MahlG / Liede / 1905 &lt;Ichbi&gt; / ax</subfield><subfield code="e">keine Angabe</subfield></datafield><datafield tag="088" ind1=" " ind2=" "><subfield code="a">1156</subfield><subfield code="c">B 121 / MahlG / Liede / 1905 &lt;Ichbi&gt; / bb</subfield><subfield code="e">keine Angabe</subfield></datafield><datafield tag="088" ind1=" " ind2=" "><subfield code="a">1156</subfield><subfield code="c">B 121 / MahlG / Liede / 1905 &lt;Ichbi&gt; / y</subfield><subfield code="e">keine Angabe</subfield></datafield><datafield tag="088" ind1=" " ind2=" "><subfield code="a">1156</subfield><subfield code="c">B 121 / MahlG / Liede / 1905 &lt;Ichbi&gt; / k</subfield><subfield code="e">keine Angabe</subfield></datafield><datafield tag="088" ind1=" " ind2=" "><subfield code="a">1156</subfield><subfield code="c">B 121 / MahlG / Liede / 1905 &lt;Ichbi&gt; / q</subfield><subfield code="e">keine Angabe</subfield></datafield><datafield tag="088" ind1=" " ind2=" "><subfield code="a">1156</subfield><subfield code="c">B 121 / MahlG / Liede / 1905 &lt;Ichbi&gt; / i</subfield><subfield code="e">keine Angabe</subfield></datafield><datafield tag="088" ind1=" " ind2=" "><subfield code="a">1156</subfield><subfield code="c">B 121 / MahlG / Liede / 1905 &lt;Ichbi&gt; / ak</subfield><subfield code="e">keine Angabe</subfield></datafield><datafield tag="088" ind1=" " ind2=" "><subfield code="a">1156</subfield><subfield code="c">B 121 / MahlG / Liede / 1905 &lt;Ichbi&gt; / ar</subfield><subfield code="e">keine Angabe</subfield></datafield><datafield tag="088" ind1=" " ind2=" "><subfield code="a">1156</subfield><subfield code="c">B 121 / MahlG / Liede / 1905 &lt;Ichbi&gt; / at</subfield><subfield code="e">keine Angabe</subfield></datafield><datafield tag="088" ind1=" " ind2=" "><subfield code="a">1156</subfield><subfield code="c">B 121 / MahlG / Liede / 1905 &lt;Ichbi&gt; / ay</subfield><subfield code="e">keine Angabe</subfield></datafield><datafield tag="088" ind1=" " ind2=" "><subfield code="a">1156</subfield><subfield code="c">B 121 / MahlG / Liede / 1905 &lt;Ichbi&gt; / aj</subfield><subfield code="e">keine Angabe</subfield></datafield><datafield tag="088" ind1=" " ind2=" "><subfield code="a">1156</subfield><subfield code="c">B 121 / MahlG / Liede / 1905 &lt;Ichbi&gt; / x</subfield><subfield code="e">keine Angabe</subfield></datafield><datafield tag="088" ind1=" " ind2=" "><subfield code="a">1156</subfield><subfield code="c">B 121 / MahlG / Liede / 1905 &lt;Ichbi&gt; / u</subfield><subfield code="e">keine Angabe</subfield></datafield><datafield tag="088" ind1=" " ind2=" "><subfield code="a">1156</subfield><subfield code="c">B 121 / MahlG / Liede / 1905 &lt;Ichbi&gt; / z</subfield><subfield code="e">keine Angabe</subfield></datafield><datafield tag="088" ind1=" " ind2=" "><subfield code="a">1156</subfield><subfield code="c">B 121 / MahlG / Liede / 1905 &lt;Ichbi&gt; / ae</subfield><subfield code="e">keine Angabe</subfield></datafield><datafield tag="088" ind1=" " ind2=" "><subfield code="a">1156</subfield><subfield code="c">B 121 / MahlG / Liede / 1905 &lt;Ichbi&gt; / aq</subfield><subfield code="e">keine Angabe</subfield></datafield><datafield tag="088" ind1=" " ind2=" "><subfield code="a">1156</subfield><subfield code="c">B 121 / MahlG / Liede / 1905 &lt;Ichbi&gt; / bc</subfield><subfield code="e">keine Angabe</subfield></datafield><datafield tag="088" ind1=" " ind2=" "><subfield code="a">1156</subfield><subfield code="e">keine Angabe</subfield></datafield><datafield tag="088" ind1=" " ind2=" "><subfield code="a">1156</subfield><subfield code="c">B 121 / MahlG / Liede / 1905 &lt;Ichbi&gt;</subfield><subfield code="e">keine Angabe</subfield></datafield><datafield tag="088" ind1=" " ind2=" "><subfield code="a">1156</subfield><subfield code="c">B 121 / MahlG / Liede / 1905 &lt;Ichbi&gt; / a</subfield><subfield code="e">keine Angabe</subfield></datafield><datafield tag="088" ind1=" " ind2=" "><subfield code="a">1156</subfield><subfield code="c">B 121 / MahlG / Liede / 1905 &lt;Ichbi&gt; / t</subfield><subfield code="e">keine Angabe</subfield></datafield><datafield tag="088" ind1=" " ind2=" "><subfield code="a">1156</subfield><subfield code="c">B 121 / MahlG / Liede / 1905 &lt;Ichbi&gt; / d</subfield><subfield code="e">keine Angabe</subfield></datafield><datafield tag="088" ind1=" " ind2=" "><subfield code="a">1156</subfield><subfield code="c">B 121 / MahlG / Liede / 1905 &lt;Ichbi&gt; / as</subfield><subfield code="e">keine Angabe</subfield></datafield><datafield tag="088" ind1=" " ind2=" "><subfield code="a">1156</subfield><subfield code="c">B 121 / MahlG / Liede / 1905 &lt;Ichbi&gt; / e</subfield><subfield code="e">keine Angabe</subfield></datafield><datafield tag="088" ind1=" " ind2=" "><subfield code="a">1156</subfield><subfield code="c">B 121 / MahlG / Liede / 1905 &lt;Ichbi&gt; / b</subfield><subfield code="e">keine Angabe</subfield></datafield><datafield tag="088" ind1=" " ind2=" "><subfield code="a">1156</subfield><subfield code="c">B 121 / MahlG / Liede / 1905 &lt;Ichbi&gt; / l</subfield><subfield code="e">keine Angabe</subfield></datafield><datafield tag="088" ind1=" " ind2=" "><subfield code="a">1156</subfield><subfield code="c">B 121 / MahlG / Liede / 1905 &lt;Ichbi&gt; / v</subfield><subfield code="e">keine Angabe</subfield></datafield><datafield tag="088" ind1=" " ind2=" "><subfield code="a">1156</subfield><subfield code="c">B 121 / MahlG / Liede / 1905 &lt;Ichbi&gt; / m</subfield><subfield code="e">keine Angabe</subfield></datafield><datafield tag="088" ind1=" " ind2=" "><subfield code="a">1156</subfield><subfield code="c">B 121 / MahlG / Liede / 1905 &lt;Ichbi&gt; / n</subfield><subfield code="e">keine Angabe</subfield></datafield><datafield tag="088" ind1=" " ind2=" "><subfield code="a">1156</subfield><subfield code="c">B 121 / MahlG / Liede / 1905 &lt;Ichbi&gt; / ac</subfield><subfield code="e">keine Angabe</subfield></datafield><datafield tag="088" ind1=" " ind2=" "><subfield code="a">1156</subfield><subfield code="c">B 121 / MahlG / Liede / 1905 &lt;Ichbi&gt; / o</subfield><subfield code="e">keine Angabe</subfield></datafield><datafield tag="088" ind1=" " ind2=" "><subfield code="a">1156</subfield><subfield code="c">B 121 / MahlG / Liede / 1905 &lt;Ichbi&gt; / p</subfield><subfield code="e">keine Angabe</subfield></datafield><datafield tag="088" ind1=" " ind2=" "><subfield code="a">1156</subfield><subfield code="c">B 121 / MahlG / Liede / 1905 &lt;Ichbi&gt; / ap</subfield><subfield code="e">keine Angabe</subfield></datafield><datafield tag="088" ind1=" " ind2=" "><subfield code="a">1156</subfield><subfield code="c">B 121 / MahlG / Liede / 1905 &lt;Ichbi&gt; / bd</subfield><subfield code="e">keine Angabe</subfield></datafield><datafield tag="088" ind1=" " ind2=" "><subfield code="a">1156</subfield><subfield code="c">B 121 / MahlG / Liede / 1905 &lt;Ichbi&gt; / c</subfield><subfield code="e">keine Angabe</subfield></datafield><datafield tag="088" ind1=" " ind2=" "><subfield code="a">1156</subfield><subfield code="c">B 121 / MahlG / Liede / 1905 &lt;Ichbi&gt; / g</subfield><subfield code="e">keine Angabe</subfield></datafield><datafield tag="088" ind1=" " ind2=" "><subfield code="a">1156</subfield><subfield code="c">B 121 / MahlG / Liede / 1905 &lt;Ichbi&gt; / r</subfield><subfield code="e">keine Angabe</subfield></datafield><datafield tag="088" ind1=" " ind2=" "><subfield code="a">1156</subfield><subfield code="c">B 121 / MahlG / Liede / 1905 &lt;Ichbi&gt; / al</subfield><subfield code="e">keine Angabe</subfield></datafield><datafield tag="088" ind1=" " ind2=" "><subfield code="a">1156</subfield><subfield code="c">B 121 / MahlG / Liede / 1905 &lt;Ichbi&gt; / an</subfield><subfield code="e">keine Angabe</subfield></datafield><datafield tag="088" ind1=" " ind2=" "><subfield code="a">1156</subfield><subfield code="c">B 121 / MahlG / Liede / 1905 &lt;Ichbi&gt; / f</subfield><subfield code="e">keine Angabe</subfield></datafield><datafield tag="088" ind1=" " ind2=" "><subfield code="a">1156</subfield><subfield code="c">B 121 / MahlG / Liede / 1905 &lt;Ichbi&gt; / h</subfield><subfield code="e">keine Angabe</subfield></datafield><datafield tag="088" ind1=" " ind2=" "><subfield code="a">1156</subfield><subfield code="c">B 121 / MahlG / Liede / 1905 &lt;Ichbi&gt; / ab</subfield><subfield code="e">keine Angabe</subfield></datafield><datafield tag="088" ind1=" " ind2=" "><subfield code="a">1156</subfield><subfield code="c">B 121 / MahlG / Liede / 1905 &lt;Ichbi&gt; / av</subfield><subfield code="e">keine Angabe</subfield></datafield><datafield tag="088" ind1=" " ind2=" "><subfield code="a">1156</subfield><subfield code="c">B 121 / MahlG / Liede / 1905 &lt;Ichbi&gt; / bf</subfield><subfield code="e">keine Angabe</subfield></datafield><datafield tag="088" ind1=" " ind2=" "><subfield code="a">1156</subfield><subfield code="c">B 121 / MahlG / Liede / 1905 &lt;Ichbi&gt; / w</subfield><subfield code="e">keine Angabe</subfield></datafield><datafield tag="088" ind1=" " ind2=" "><subfield code="a">1156</subfield><subfield code="c">B 121 / MahlG / Liede / 1905 &lt;Ichbi&gt; / am</subfield><subfield code="e">keine Angabe</subfield></datafield><datafield tag="088" ind1=" " ind2=" "><subfield code="a">1156</subfield><subfield code="c">B 121 / MahlG / Liede / 1905 &lt;Ichbi&gt; / ah</subfield><subfield code="e">keine Angabe</subfield></datafield><datafield tag="088" ind1=" " ind2=" "><subfield code="a">1156</subfield><subfield code="c">B 121 / MahlG / Liede / 1905 &lt;Ichbi&gt; / ao</subfield><subfield code="e">keine Angabe</subfield></datafield><datafield tag="088" ind1=" " ind2=" "><subfield code="a">1156</subfield><subfield code="c">B 121 / MahlG / Liede / 1905 &lt;Ichbi&gt; / au</subfield><subfield code="e">keine Angabe</subfield></datafield><datafield tag="088" ind1=" " ind2=" "><subfield code="a">1156</subfield><subfield code="c">B 121 / MahlG / Liede / 1905 &lt;Ichbi&gt; / aw</subfield><subfield code="e">keine Angabe</subfield></datafield><datafield tag="088" ind1=" " ind2=" "><subfield code="a">1156</subfield><subfield code="c">B 121 / MahlG / Liede / 1905 &lt;Ichbi&gt; / az</subfield><subfield code="e">keine Angabe</subfield></datafield><datafield tag="088" ind1=" " ind2=" "><subfield code="a">1156</subfield><subfield code="c">B 121 / MahlG / Liede / 1905 &lt;Ichbi&gt; / ba</subfield><subfield code="e">keine Angabe</subfield></datafield><datafield tag="088" ind1=" " ind2=" "><subfield code="a">1156</subfield><subfield code="c">B 121 / MahlG / Liede / 1905 &lt;Ichbi&gt; / be</subfield><subfield code="e">keine Angabe</subfield></datafield><datafield tag="088" ind1=" " ind2=" "><subfield code="a">1156</subfield><subfield code="c">B 121 / MahlG / Liede / 1905 &lt;Ichbi&gt; / bg</subfield><subfield code="e">keine Angabe</subfield></datafield><datafield tag="088" ind1=" " ind2=" "><subfield code="a">1972</subfield><subfield code="b">B2</subfield><subfield code="c">NB  2023    MahlG  Ichb  derW    69</subfield><subfield code="e">ausleihbar/8 Wo/hbz</subfield></datafield><datafield tag="088" ind1=" " ind2=" "><subfield code="a">1972</subfield><subfield code="b">MAGAZ</subfield><subfield code="c">NV  102    MahlG  Ichb  derW    69  +1</subfield><subfield code="e">bestellbar/Sonderrgl/hbz</subfield></datafield><datafield tag="088" ind1=" " ind2=" "><subfield code="a">1972</subfield><subfield code="b">MAGAZ</subfield><subfield code="c">NV  102    MahlG  Ichb  derW    69  +2</subfield><subfield code="e">bestellbar/Sonderrgl/hbz</subfield></datafield><datafield tag="088" ind1=" " ind2=" "><subfield code="a">1972</subfield><subfield code="b">MAGAZ</subfield><subfield code="c">NV  102    MahlG  Ichb  derW    69  +3</subfield><subfield code="e">bestellbar/Sonderrgl/hbz</subfield></datafield><datafield tag="088" ind1=" " ind2=" "><subfield code="a">1972</subfield><subfield code="b">MAGAZ</subfield><subfield code="c">NV  102    MahlG  Ichb  derW    69  +4</subfield><subfield code="e">bestellbar/Sonderrgl/hbz</subfield></datafield><datafield tag="088" ind1=" " ind2=" "><subfield code="a">1972</subfield><subfield code="b">MAGAZ</subfield><subfield code="c">NV  102    MahlG  Ichb  derW    69  +5</subfield><subfield code="e">bestellbar/Sonderrgl/hbz</subfield></datafield><datafield tag="088" ind1=" " ind2=" "><subfield code="a">1972</subfield><subfield code="b">MAGAZ</subfield><subfield code="c">NV  102    MahlG  Ichb  derW    69  +6</subfield><subfield code="e">bestellbar/Sonderrgl/hbz</subfield></datafield><datafield tag="088" ind1=" " ind2=" "><subfield code="a">1972</subfield><subfield code="b">MAGAZ</subfield><subfield code="c">NV  102    MahlG  Ichb  derW    69  +7</subfield><subfield code="e">bestellbar/Sonderrgl/hbz</subfield></datafield><datafield tag="088" ind1=" " ind2=" "><subfield code="a">1972</subfield><subfield code="b">MAGAZ</subfield><subfield code="c">NV  102    MahlG  Ichb  derW    69  +8</subfield><subfield code="e">bestellbar/Sonderrgl/hbz</subfield></datafield><datafield tag="088" ind1=" " ind2=" "><subfield code="a">1972</subfield><subfield code="b">MAGAZ</subfield><subfield code="c">NV  102    MahlG  Ichb  derW    69  +9</subfield><subfield code="e">bestellbar/Sonderrgl/hbz</subfield></datafield><datafield tag="088" ind1=" " ind2=" "><subfield code="a">1972</subfield><subfield code="b">MAGAZ</subfield><subfield code="c">NV  102    MahlG  Ichb  derW    69  +10</subfield><subfield code="e">bestellbar/Sonderrgl/hbz</subfield></datafield><datafield tag="088" ind1=" " ind2=" "><subfield code="a">1972</subfield><subfield code="b">MAGAZ</subfield><subfield code="c">NV  102    MahlG  Ichb  derW    69  +11</subfield><subfield code="e">bestellbar/Sonderrgl/hbz</subfield></datafield><datafield tag="088" ind1=" " ind2=" "><subfield code="a">1972</subfield><subfield code="b">MAGAZ</subfield><subfield code="c">NV  102    MahlG  Ichb  derW    69  +12</subfield><subfield code="e">bestellbar/Sonderrgl/hbz</subfield></datafield><datafield tag="088" ind1=" " ind2=" "><subfield code="a">1972</subfield><subfield code="b">MAGAZ</subfield><subfield code="c">NV  102    MahlG  Ichb  derW    69  +13</subfield><subfield code="e">bestellbar/Sonderrgl/hbz</subfield></datafield><datafield tag="088" ind1=" " ind2=" "><subfield code="a">1972</subfield><subfield code="b">MAGAZ</subfield><subfield code="c">NV  102    MahlG  Ichb  derW    69  +14</subfield><subfield code="e">bestellbar/Sonderrgl/hbz</subfield></datafield><datafield tag="088" ind1=" " ind2=" "><subfield code="a">1972</subfield><subfield code="b">MAGAZ</subfield><subfield code="c">NV  102    MahlG  Ichb  derW    69  +15</subfield><subfield code="e">bestellbar/Sonderrgl/hbz</subfield></datafield><datafield tag="088" ind1=" " ind2=" "><subfield code="a">1972</subfield><subfield code="b">MAGAZ</subfield><subfield code="c">NV  102    MahlG  Ichb  derW    69  +16</subfield><subfield code="e">bestellbar/Sonderrgl/hbz</subfield></datafield><datafield tag="088" ind1=" " ind2=" "><subfield code="a">1972</subfield><subfield code="b">MAGAZ</subfield><subfield code="c">NV  102    MahlG  Ichb  derW    69  +17</subfield><subfield code="e">bestellbar/Sonderrgl/hbz</subfield></datafield><datafield tag="088" ind1=" " ind2=" "><subfield code="a">1972</subfield><subfield code="b">MAGAZ</subfield><subfield code="c">NV  102    MahlG  Ichb  derW    69  +18</subfield><subfield code="e">bestellbar/Sonderrgl/hbz</subfield></datafield><datafield tag="088" ind1=" " ind2=" "><subfield code="a">1972</subfield><subfield code="b">MAGAZ</subfield><subfield code="c">NV  102    MahlG  Ichb  derW    69  +19</subfield><subfield code="e">bestellbar/Sonderrgl/hbz</subfield></datafield><datafield tag="088" ind1=" " ind2=" "><subfield code="a">1972</subfield><subfield code="b">MAGAZ</subfield><subfield code="c">NV  102    MahlG  Ichb  derW    69  +20</subfield><subfield code="e">bestellbar/Sonderrgl/hbz</subfield></datafield><datafield tag="088" ind1=" " ind2=" "><subfield code="a">1972</subfield><subfield code="b">MAGAZ</subfield><subfield code="c">NV  102    MahlG  Ichb  derW    69  +21</subfield><subfield code="e">bestellbar/Sonderrgl/hbz</subfield></datafield><datafield tag="088" ind1=" " ind2=" "><subfield code="a">1972</subfield><subfield code="b">MAGAZ</subfield><subfield code="c">NV  102    MahlG  Ichb  derW    69  +22</subfield><subfield code="e">bestellbar/Sonderrgl/hbz</subfield></datafield><datafield tag="088" ind1=" " ind2=" "><subfield code="a">1972</subfield><subfield code="b">MAGAZ</subfield><subfield code="c">NV  102    MahlG  Ichb  derW    69  +23</subfield><subfield code="e">bestellbar/Sonderrgl/hbz</subfield></datafield><datafield tag="088" ind1=" " ind2=" "><subfield code="a">1972</subfield><subfield code="b">MAGAZ</subfield><subfield code="c">NV  102    MahlG  Ichb  derW    69</subfield><subfield code="e">bestellbar/Sonderrgl/hbz</subfield></datafield><datafield tag="700" ind1=" " ind2="9"><subfield code="a">NV 102 MahlG Ichb derW</subfield><subfield code="2">X5010</subfield></datafield><datafield tag="700" ind1=" " ind2="9"><subfield code="a">NB 2023 MahlG Ichb derW</subfield><subfield code="2">X5010</subfield></datafield><datafield tag="700" ind1=" " ind2="9"><subfield code="a">NB 2023 GottC Ichb derW</subfield><subfield code="2">X5010</subfield></datafield></record></metadata></record></ListRecords></OAI-PMH>